<collection xmlns="http://www.loc.gov/MARC21/slim">
<record>
  <leader>00892nam0a22002291i 450 </leader>
  <controlfield tag="001">IT\ICCU\CNCE\051020</controlfield>
  <controlfield tag="005">20000907000000.0</controlfield>
  <datafield tag="012" ind1=" " ind2=" ">
    <subfield code="a">ise. ums. t.m. +.le (C) 1512 (R)</subfield>
    <subfield code="2">fei</subfield>
  </datafield>
  <datafield tag="100" ind1=" " ind2=" ">
    <subfield code="a">20000907d1512        0itac0103    ba</subfield>
  </datafield>
  <datafield tag="101" ind1=" " ind2=" ">
    <subfield code="a">LAT</subfield>
  </datafield>
  <datafield tag="102" ind1=" " ind2=" ">
    <subfield code="a">IT</subfield>
  </datafield>
  <datafield tag="200" ind1="1" ind2=" ">
    <subfield code="a">Salon sela. Accipe Meconio Cantatas carmina rana et frontem rugi soluere disce meis ...</subfield>
  </datafield>
  <datafield tag="210" ind1=" " ind2=" ">
    <subfield code="e">Florentiae</subfield>
    <subfield code="g">per Bernardum Zucchettam</subfield>
    <subfield code="h">die prima Septembris 1512</subfield>
  </datafield>
  <datafield tag="215" ind1=" " ind2=" ">
    <subfield code="a">\8! c.</subfield>
    <subfield code="c">ill.</subfield>
    <subfield code="d">8ʻ</subfield>
  </datafield>
  <datafield tag="620" ind1=" " ind2=" ">
    <subfield code="a">IT</subfield>
    <subfield code="d">Firenze</subfield>
  </datafield>
  <datafield tag="702" ind1=" " ind2="0">
    <subfield code="a">Homerus</subfield>
    <subfield code="3">IT\ICCU\CNCA\005036</subfield>
  </datafield>
  <datafield tag="712" ind1="0" ind2="0">
    <subfield code="a">Zucchetta, Bernardo</subfield>
    <subfield code="3">IT\ICCU\CNCT\000213</subfield>
    <subfield code="4">650</subfield>
  </datafield>
  <datafield tag="790" ind1=" " ind2="0">
    <subfield code="a">Omero</subfield>
    <subfield code="3">IT\ICCU\CNCA\018611</subfield>
    <subfield code="z">Homerus</subfield>
  </datafield>
  <datafield tag="791" ind1="0" ind2="0">
    <subfield code="a">Zuchetta, Bernardus</subfield>
    <subfield code="3">IT\ICCU\CNCT\004196</subfield>
    <subfield code="z">Zucchetta, Bernardo</subfield>
  </datafield>
  <datafield tag="791" ind1="0" ind2="0">
    <subfield code="a">Zucchecta, Bernardo</subfield>
    <subfield code="3">IT\ICCU\CNCT\005844</subfield>
    <subfield code="z">Zucchetta, Bernardo</subfield>
  </datafield>
  <datafield tag="801" ind1=" " ind2="3">
    <subfield code="a">IT</subfield>
    <subfield code="b">ICCU</subfield>
    <subfield code="c">20201115</subfield>
  </datafield>
  <datafield tag="899" ind1=" " ind2=" ">
    <subfield code="a">Biblioteca Riccardiana. Firenze</subfield>
    <subfield code="1">FI0094</subfield>
    <subfield code="2">CFI RF</subfield>
  </datafield>
</record>
</collection>
